<?xml version="1.0" encoding="UTF-8"?><record xmlns="http://www.loc.gov/MARC21/slim" xmlns:cinclude="http://apache.org/cocoon/include/1.0" xmlns:zs="http://www.loc.gov/zing/srw/">
  <leader>01039cz  a2200181n  4500</leader>
  <controlfield tag="001">no2001034741</controlfield>
  <controlfield tag="003">DLC</controlfield>
  <controlfield tag="005">20130320085321.0</controlfield>
  <controlfield tag="008">010430n| azannaabn          |a ana     c</controlfield>
  <datafield tag="010" ind1=" " ind2=" ">
    <subfield code="a">no2001034741</subfield>
  </datafield>
  <datafield tag="035" ind1=" " ind2=" ">
    <subfield code="a">(OCoLC)oca05476751</subfield>
  </datafield>
  <datafield tag="040" ind1=" " ind2=" ">
    <subfield code="a">OkS</subfield>
    <subfield code="b">eng</subfield>
    <subfield code="e">rda</subfield>
    <subfield code="c">OkS</subfield>
    <subfield code="d">OkU</subfield>
    <subfield code="d">DLC</subfield>
  </datafield>
  <datafield tag="110" ind1="2" ind2=" ">
    <subfield code="a">Oklahoma State University.</subfield>
    <subfield code="b">Department of Plant and Soil Sciences</subfield>
  </datafield>
  <datafield tag="410" ind1="2" ind2=" ">
    <subfield code="w">nnea</subfield>
    <subfield code="a">Oklahoma State University.</subfield>
    <subfield code="b">Dept. of Plant and Soil Sciences</subfield>
  </datafield>
  <datafield tag="410" ind1="2" ind2=" ">
    <subfield code="a">Oklahoma State University.</subfield>
    <subfield code="b">Division of Agricultural Sciences and Natural Resources.</subfield>
    <subfield code="b">Department of Biosystems and Agricultural Engineering</subfield>
  </datafield>
  <datafield tag="510" ind1="2" ind2=" ">
    <subfield code="w">r</subfield>
    <subfield code="i">Hierarchical superior:</subfield>
    <subfield code="a">Oklahoma State University</subfield>
  </datafield>
  <datafield tag="670" ind1=" " ind2=" ">
    <subfield code="a">Oklahoma homeowner's handbook for soil and nutrient management, 1998:</subfield>
    <subfield code="b">t.p. (Oklahoma State University, Department of Plant and Soil Sciences)</subfield>
  </datafield>
  <datafield tag="670" ind1=" " ind2=" ">
    <subfield code="a">A quantitative phosphorus index for conservation and nutrient management plan development, 2009:</subfield>
    <subfield code="b">caption (Plant and Soil Sciences, Division of Agricultural Sciences and Natural Resources, Oklahoma State University)</subfield>
  </datafield>
</record>